<?xml version="1.0" encoding="UTF-8"?><collection xmlns="http://www.loc.gov/MARC21/slim"><record><leader>00306nam--2200133-i-4500</leader><controlfield tag="001">000028746</controlfield><controlfield tag="002">20161230</controlfield><controlfield tag="005">20161230201037</controlfield><controlfield tag="008">060222s1000------------r-----000-0-eng-d</controlfield><datafield ind1=" " ind2=" " tag="080"><subfield code="a">530.145:539.12</subfield></datafield><datafield ind1=" " ind2=" " tag="100"><subfield code="a">Leutwyler, H</subfield></datafield><datafield ind1=" " ind2=" " tag="245"><subfield code="a">Chromodiamagnetism</subfield></datafield><datafield ind1=" " ind2=" " tag="260"><subfield code="a">Berne, Univ., 1979, 12p</subfield></datafield><datafield ind1=" " ind2=" " tag="852"><subfield code="a">48212</subfield></datafield></record></collection>